@article{DBLP:journals/corr/abs-2304-14108,
	author       = {Samir Yitzhak Gadre and
	Gabriel Ilharco and
	Alex Fang and
	Jonathan Hayase and
	Georgios Smyrnis and
	Thao Nguyen and
	Ryan Marten and
	Mitchell Wortsman and
	Dhruba Ghosh and
	Jieyu Zhang and
	Eyal Orgad and
	Rahim Entezari and
	Giannis Daras and
	Sarah M. Pratt and
	Vivek Ramanujan and
	Yonatan Bitton and
	Kalyani Marathe and
	Stephen Mussmann and
	Richard Vencu and
	Mehdi Cherti and
	Ranjay Krishna and
	Pang Wei Koh and
	Olga Saukh and
	Alexander Ratner and
	Shuran Song and
	Hannaneh Hajishirzi and
	Ali Farhadi and
	Romain Beaumont and
	Sewoong Oh and
	Alex Dimakis and
	Jenia Jitsev and
	Yair Carmon and
	Vaishaal Shankar and
	Ludwig Schmidt},
	title        = {DataComp: In search of the next generation of multimodal datasets},
	journal      = {CoRR},
	volume       = {abs/2304.14108},
	year         = {2023},
	url          = {https://doi.org/10.48550/arXiv.2304.14108},
	doi          = {10.48550/arXiv.2304.14108},
	eprinttype    = {arXiv},
	eprint       = {2304.14108},
	timestamp    = {Wed, 03 May 2023 14:12:58 +0200},
	biburl       = {https://dblp.org/rec/journals/corr/abs-2304-14108.bib},
	bibsource    = {dblp computer science bibliography, https://dblp.org}
}

@article{lin2023pmc,
	title={PMC-CLIP: Contrastive Language-Image Pre-training using Biomedical Documents},
	author={Lin, Weixiong and Zhao, Ziheng and Zhang, Xiaoman and Wu, Chaoyi and Zhang, Ya and Wang, Yanfeng and Xie, Weidi},
	journal={arXiv preprint arXiv:2303.07240},
	year={2023}
}

@article{DBLP:journals/corr/abs-2303-00915,
	author       = {Sheng Zhang and
	Yanbo Xu and
	Naoto Usuyama and
	Jaspreet Bagga and
	Robert Tinn and
	Sam Preston and
	Rajesh Rao and
	Mu Wei and
	Naveen Valluri and
	Cliff Wong and
	Matthew P. Lungren and
	Tristan Naumann and
	Hoifung Poon},
	title        = {Large-Scale Domain-Specific Pretraining for Biomedical Vision-Language
	Processing},
	journal      = {CoRR},
	volume       = {abs/2303.00915},
	year         = {2023},
	url          = {https://doi.org/10.48550/arXiv.2303.00915},
	doi          = {10.48550/arXiv.2303.00915},
	eprinttype    = {arXiv},
	eprint       = {2303.00915},
	timestamp    = {Mon, 06 Mar 2023 16:51:26 +0100},
	biburl       = {https://dblp.org/rec/journals/corr/abs-2303-00915.bib},
	bibsource    = {dblp computer science bibliography, https://dblp.org}
}

@inproceedings{DBLP:conf/icml/RadfordKHRGASAM21,
	author       = {Alec Radford and
	Jong Wook Kim and
	Chris Hallacy and
	Aditya Ramesh and
	Gabriel Goh and
	Sandhini Agarwal and
	Girish Sastry and
	Amanda Askell and
	Pamela Mishkin and
	Jack Clark and
	Gretchen Krueger and
	Ilya Sutskever},
	editor       = {Marina Meila and
	Tong Zhang},
	title        = {Learning Transferable Visual Models From Natural Language Supervision},
	booktitle    = {Proceedings of the 38th International Conference on Machine Learning,
	{ICML} 2021, 18-24 July 2021, Virtual Event},
	series       = {Proceedings of Machine Learning Research},
	volume       = {139},
	pages        = {8748--8763},
	publisher    = {{PMLR}},
	year         = {2021},
	url          = {http://proceedings.mlr.press/v139/radford21a.html},
	timestamp    = {Wed, 25 Aug 2021 17:11:17 +0200},
	biburl       = {https://dblp.org/rec/conf/icml/RadfordKHRGASAM21.bib},
	bibsource    = {dblp computer science bibliography, https://dblp.org}
}

@inproceedings{DBLP:conf/nips/TaoriDSCRS20,
	author       = {Rohan Taori and
	Achal Dave and
	Vaishaal Shankar and
	Nicholas Carlini and
	Benjamin Recht and
	Ludwig Schmidt},
	editor       = {Hugo Larochelle and
	Marc'Aurelio Ranzato and
	Raia Hadsell and
	Maria{-}Florina Balcan and
	Hsuan{-}Tien Lin},
	title        = {Measuring Robustness to Natural Distribution Shifts in Image Classification},
	booktitle    = {Advances in Neural Information Processing Systems 33: Annual Conference
	on Neural Information Processing Systems 2020, NeurIPS 2020, December
	6-12, 2020, virtual},
	year         = {2020},
	url          = {https://proceedings.neurips.cc/paper/2020/hash/d8330f857a17c53d217014ee776bfd50-Abstract.html},
	timestamp    = {Tue, 19 Jan 2021 15:57:01 +0100},
	biburl       = {https://dblp.org/rec/conf/nips/TaoriDSCRS20.bib},
	bibsource    = {dblp computer science bibliography, https://dblp.org}
}

@article{DBLP:journals/corr/abs-1910-04867,
	author       = {Xiaohua Zhai and
	Joan Puigcerver and
	Alexander Kolesnikov and
	Pierre Ruyssen and
	Carlos Riquelme and
	Mario Lucic and
	Josip Djolonga and
	Andr{\'{e}} Susano Pinto and
	Maxim Neumann and
	Alexey Dosovitskiy and
	Lucas Beyer and
	Olivier Bachem and
	Michael Tschannen and
	Marcin Michalski and
	Olivier Bousquet and
	Sylvain Gelly and
	Neil Houlsby},
	title        = {The Visual Task Adaptation Benchmark},
	journal      = {CoRR},
	volume       = {abs/1910.04867},
	year         = {2019},
	url          = {http://arxiv.org/abs/1910.04867},
	eprinttype    = {arXiv},
	eprint       = {1910.04867},
	timestamp    = {Sat, 23 Jan 2021 01:14:43 +0100},
	biburl       = {https://dblp.org/rec/journals/corr/abs-1910-04867.bib},
	bibsource    = {dblp computer science bibliography, https://dblp.org}
}

@article{young-etal-2014-image,
	title = "From image descriptions to visual denotations: New similarity metrics for semantic inference over event descriptions",
	author = "Young, Peter  and
	Lai, Alice  and
	Hodosh, Micah  and
	Hockenmaier, Julia",
	journal = "Transactions of the Association for Computational Linguistics",
	volume = "2",
	year = "2014",
	address = "Cambridge, MA",
	publisher = "MIT Press",
	url = "https://aclanthology.org/Q14-1006",
	doi = "10.1162/tacl_a_00166",
	pages = "67--78",
	abstract = "We propose to use the visual denotations of linguistic expressions (i.e. the set of images they describe) to define novel denotational similarity metrics, which we show to be at least as beneficial as distributional similarities for two tasks that require semantic inference. To compute these denotational similarities, we construct a denotation graph, i.e. a subsumption hierarchy over constituents and their denotations, based on a large corpus of 30K images and 150K descriptive captions.",
}



@article{DBLP:journals/corr/ChenFLVGDZ15,
	author       = {Xinlei Chen and
	Hao Fang and
	Tsung{-}Yi Lin and
	Ramakrishna Vedantam and
	Saurabh Gupta and
	Piotr Doll{\'{a}}r and
	C. Lawrence Zitnick},
	title        = {Microsoft {COCO} Captions: Data Collection and Evaluation Server},
	journal      = {CoRR},
	volume       = {abs/1504.00325},
	year         = {2015},
	url          = {http://arxiv.org/abs/1504.00325},
	eprinttype    = {arXiv},
	eprint       = {1504.00325},
	timestamp    = {Wed, 16 Oct 2019 16:31:45 +0200},
	biburl       = {https://dblp.org/rec/journals/corr/ChenFLVGDZ15.bib},
	bibsource    = {dblp computer science bibliography, https://dblp.org}
}

@misc{bitton2022winogavil,
	title={WinoGAViL: Gamified Association Benchmark to Challenge Vision-and-Language Models}, 
	author={Yonatan Bitton and Nitzan Bitton Guetta and Ron Yosef and Yuval Elovici and Mohit Bansal and Gabriel Stanovsky and Roy Schwartz},
	year={2022},
	eprint={2207.12576},
	archivePrefix={arXiv},
	primaryClass={cs.CL}
}

@online{pmcoas,
	title={PubMed Central Open Access Subset},
	author={National Library of Medicine},
	year={2003},
	note={Online, accessed at 2023-09-08},
	howpublished={https://www.ncbi.nlm.nih.gov/pmc/tools/openftlist/},
}

@online{commoncrawl,
	title={Common Crawl},
	author={Common Crawl},
	year={2008},
	note={Online, accessed at 2023-09-08},
	howpublished={https://commoncrawl.org},
}

@online{arxiv,
	title={arXiv},
	author={Cornell University},
	year={1991},
	note={Online, accessed at 2023-09-08},
	howpublished={https://info.arxiv.org/about/index.html},
}

@inproceedings{DBLP:conf/jcdl/SiegelLPA18,
	author       = {Noah Siegel and
	Nicholas Lourie and
	Russell Power and
	Waleed Ammar},
	editor       = {Jiangping Chen and
	Marcos Andr{\'{e}} Gon{\c{c}}alves and
	Jeff M. Allen and
	Edward A. Fox and
	Min{-}Yen Kan and
	Vivien Petras},
	title        = {Extracting Scientific Figures with Distantly Supervised Neural Networks},
	booktitle    = {Proceedings of the 18th {ACM/IEEE} on Joint Conference on Digital
	Libraries, {JCDL} 2018, Fort Worth, TX, USA, June 03-07, 2018},
	pages        = {223--232},
	publisher    = {{ACM}},
	year         = {2018},
	url          = {https://doi.org/10.1145/3197026.3197040},
	doi          = {10.1145/3197026.3197040},
	timestamp    = {Tue, 01 Jun 2021 15:21:33 +0200},
	biburl       = {https://dblp.org/rec/conf/jcdl/SiegelLPA18.bib},
	bibsource    = {dblp computer science bibliography, https://dblp.org}
}

@misc{Detoxify,
	title={Detoxify},
	author={Hanu, Laura and {Unitary team}},
	howpublished={Github. https://github.com/unitaryai/detoxify},
	year={2020}
}

@misc{TexSoup,
	title={TexSoup},
	author={Alvin Wan},
	howpublished={https://github.com/alvinwan/TexSoup},
	year={2020}
}

@misc{pylatexenc,
	title={pylatexenc},
	author={Philippe Faist},
	howpublished={https://github.com/phfaist/pylatexenc},
	year={2021}
}

@misc{Pillow,
	title={Pillow},
	author={Jeffrey A. Clark and Fredrik Lundh},
	howpublished={https://python-pillow.org/},
	year={2021}
}

@misc{lxml,
	title={lxml},
	author={Stefan Behnel},
	howpublished={https://lxml.de/},
	year={2022}
}

@misc{koh2021wilds,
	title={WILDS: A Benchmark of in-the-Wild Distribution Shifts}, 
	author={Pang Wei Koh and Shiori Sagawa and Henrik Marklund and Sang Michael Xie and Marvin Zhang and Akshay Balsubramani and Weihua Hu and Michihiro Yasunaga and Richard Lanas Phillips and Irena Gao and Tony Lee and Etienne David and Ian Stavness and Wei Guo and Berton A. Earnshaw and Imran S. Haque and Sara Beery and Jure Leskovec and Anshul Kundaje and Emma Pierson and Sergey Levine and Chelsea Finn and Percy Liang},
	year={2021},
	eprint={2012.07421},
	archivePrefix={arXiv},
	primaryClass={cs.LG}
}

@misc{xie2023doremi,
	title={DoReMi: Optimizing Data Mixtures Speeds Up Language Model Pretraining}, 
	author={Sang Michael Xie and Hieu Pham and Xuanyi Dong and Nan Du and Hanxiao Liu and Yifeng Lu and Percy Liang and Quoc V. Le and Tengyu Ma and Adams Wei Yu},
	year={2023},
	eprint={2305.10429},
	archivePrefix={arXiv},
	primaryClass={cs.CL}
}

@misc{madaan2022language,
	title={Language Models of Code are Few-Shot Commonsense Learners}, 
	author={Aman Madaan and Shuyan Zhou and Uri Alon and Yiming Yang and Graham Neubig},
	year={2022},
	eprint={2210.07128},
	archivePrefix={arXiv},
	primaryClass={cs.CL}
}

@misc{lin2023pmcclip,
	title={PMC-CLIP: Contrastive Language-Image Pre-training using Biomedical Documents}, 
	author={Weixiong Lin and Ziheng Zhao and Xiaoman Zhang and Chaoyi Wu and Ya Zhang and Yanfeng Wang and Weidi Xie},
	year={2023},
	eprint={2303.07240},
	archivePrefix={arXiv},
	primaryClass={cs.CV}
}

@article{DBLP:journals/corr/abs-2112-04323,
	author       = {Shuhei Yokoo},
	title        = {Contrastive Learning with Large Memory Bank and Negative Embedding
	Subtraction for Accurate Copy Detection},
	journal      = {CoRR},
	volume       = {abs/2112.04323},
	year         = {2021},
	url          = {https://arxiv.org/abs/2112.04323},
	eprinttype    = {arXiv},
	eprint       = {2112.04323},
	timestamp    = {Mon, 13 Dec 2021 17:51:48 +0100},
	biburl       = {https://dblp.org/rec/journals/corr/abs-2112-04323.bib},
	bibsource    = {dblp computer science bibliography, https://dblp.org}
}

@article{DBLP:journals/corr/MajiRKBV13,
	author       = {Subhransu Maji and
	Esa Rahtu and
	Juho Kannala and
	Matthew B. Blaschko and
	Andrea Vedaldi},
	title        = {Fine-Grained Visual Classification of Aircraft},
	journal      = {CoRR},
	volume       = {abs/1306.5151},
	year         = {2013},
	url          = {http://arxiv.org/abs/1306.5151},
	eprinttype    = {arXiv},
	eprint       = {1306.5151},
	timestamp    = {Mon, 13 Aug 2018 16:46:37 +0200},
	biburl       = {https://dblp.org/rec/journals/corr/MajiRKBV13.bib},
	bibsource    = {dblp computer science bibliography, https://dblp.org}
}

@inproceedings{Houben-IJCNN-2013,
	author = {Sebastian Houben and Johannes Stallkamp and Jan Salmen and Marc Schlipsing and Christian Igel},
	booktitle = {International Joint Conference on Neural Networks},
	title = {Detection of Traffic Signs in Real-World Images: The {G}erman {T}raffic {S}ign {D}etection {B}enchmark},
	number = {1288},
	year = {2013},
}

@inproceedings{DBLP:conf/cvpr/JohnsonHMFZG17,
	author       = {Justin Johnson and
	Bharath Hariharan and
	Laurens van der Maaten and
	Li Fei{-}Fei and
	C. Lawrence Zitnick and
	Ross B. Girshick},
	title        = {{CLEVR:} {A} Diagnostic Dataset for Compositional Language and Elementary
	Visual Reasoning},
	booktitle    = {2017 {IEEE} Conference on Computer Vision and Pattern Recognition,
	{CVPR} 2017, Honolulu, HI, USA, July 21-26, 2017},
	pages        = {1988--1997},
	publisher    = {{IEEE} Computer Society},
	year         = {2017},
	url          = {https://doi.org/10.1109/CVPR.2017.215},
	doi          = {10.1109/CVPR.2017.215},
	timestamp    = {Fri, 24 Mar 2023 00:02:52 +0100},
	biburl       = {https://dblp.org/rec/conf/cvpr/JohnsonHMFZG17.bib},
	bibsource    = {dblp computer science bibliography, https://dblp.org}
}

@inproceedings{DBLP:conf/cvpr/GeigerLU12,
	author       = {Andreas Geiger and
	Philip Lenz and
	Raquel Urtasun},
	title        = {Are we ready for autonomous driving? The {KITTI} vision benchmark
	suite},
	booktitle    = {2012 {IEEE} Conference on Computer Vision and Pattern Recognition,
	Providence, RI, USA, June 16-21, 2012},
	pages        = {3354--3361},
	publisher    = {{IEEE} Computer Society},
	year         = {2012},
	url          = {https://doi.org/10.1109/CVPR.2012.6248074},
	doi          = {10.1109/CVPR.2012.6248074},
	timestamp    = {Fri, 24 Mar 2023 00:02:59 +0100},
	biburl       = {https://dblp.org/rec/conf/cvpr/GeigerLU12.bib},
	bibsource    = {dblp computer science bibliography, https://dblp.org}
}

@inproceedings{DBLP:conf/miccai/VeelingLWCW18,
	author       = {Bastiaan S. Veeling and
	Jasper Linmans and
	Jim Winkens and
	Taco Cohen and
	Max Welling},
	editor       = {Alejandro F. Frangi and
	Julia A. Schnabel and
	Christos Davatzikos and
	Carlos Alberola{-}L{\'{o}}pez and
	Gabor Fichtinger},
	title        = {Rotation Equivariant CNNs for Digital Pathology},
	booktitle    = {Medical Image Computing and Computer Assisted Intervention - {MICCAI}
	2018 - 21st International Conference, Granada, Spain, September 16-20,
	2018, Proceedings, Part {II}},
	series       = {Lecture Notes in Computer Science},
	volume       = {11071},
	pages        = {210--218},
	publisher    = {Springer},
	year         = {2018},
	url          = {https://doi.org/10.1007/978-3-030-00934-2\_24},
	doi          = {10.1007/978-3-030-00934-2\_24},
	timestamp    = {Sat, 09 Apr 2022 12:46:25 +0200},
	biburl       = {https://dblp.org/rec/conf/miccai/VeelingLWCW18.bib},
	bibsource    = {dblp computer science bibliography, https://dblp.org}
}

@inproceedings{svhn,
	title={Reading digits in natural images with unsupervised feature learning},
	author={Netzer, Yuval and Wang, Tao and Coates, Adam and Bissacco, Alessandro and Wu, Bo and Ng, Andrew Y},
	note={\url{https://storage.googleapis.com/pub-tools-public-publication-data/pdf/37648.pdf}},
	booktitle={Advances in Neural Information Processing Systems (NeurIPS) Workshops},
	year={2011}
}

@article{DBLP:journals/tmi/BandiGMDBHBLPZL19,
	author       = {P{\'{e}}ter B{\'{a}}ndi and
	Oscar Geessink and
	Quirine Manson and
	Marcory Van Dijk and
	Maschenka Balkenhol and
	Meyke Hermsen and
	Babak Ehteshami Bejnordi and
	Byungjae Lee and
	Kyunghyun Paeng and
	Aoxiao Zhong and
	Quanzheng Li and
	Farhad Ghazvinian Zanjani and
	Svitlana Zinger and
	Keisuke Fukuta and
	Daisuke Komura and
	Vlado Ovtcharov and
	Shenghua Cheng and
	Shaoqun Zeng and
	Jeppe Thagaard and
	Anders B. Dahl and
	Huangjing Lin and
	Hao Chen and
	Ludwig Jacobsson and
	Martin Hedlund and
	Melih {\c{C}}etin and
	Eren Halici and
	Hunter Jackson and
	Richard Chen and
	Fabian Both and
	J{\"{o}}rg Franke and
	Heidi K{\"{u}}sters{-}Vandevelde and
	Willem Vreuls and
	Peter Bult and
	Bram van Ginneken and
	Jeroen van der Laak and
	Geert Litjens},
	title        = {From Detection of Individual Metastases to Classification of Lymph
	Node Status at the Patient Level: The {CAMELYON17} Challenge},
	journal      = {{IEEE} Trans. Medical Imaging},
	volume       = {38},
	number       = {2},
	pages        = {550--560},
	year         = {2019},
	url          = {https://doi.org/10.1109/TMI.2018.2867350},
	doi          = {10.1109/TMI.2018.2867350},
	timestamp    = {Thu, 14 Oct 2021 09:23:34 +0200},
	biburl       = {https://dblp.org/rec/journals/tmi/BandiGMDBHBLPZL19.bib},
	bibsource    = {dblp computer science bibliography, https://dblp.org}
}
